@incollection{adami2006three, title= {Three Weeks with {H}ans {B}ethe}, author= {Adami, Christoph}, booktitle= {Hans Bethe and His Physics}, pages= {45--111}, year= {2006}, publisher= {World Scientific, Singapore}}

@article{goode2001earthshine,
  title={Earthshine observations of the {E}arth's reflectance},
  author={Goode, PR and Qiu, J and Yurchyshyn, V and Hickey, J and Chu, MC and Kolbe, E and Brown, CT and Koonin, SE},
  journal={Geophysical Research Letters},
  volume={28},
  number={9},
  pages={1671--1674},
  year={2001},
  publisher={American Geophysical Union}
}
